<?xml version="1.0" encoding="UTF-8" standalone="no"?>
<Document xmlns="urn:iso:std:iso:20022:tech:xsd:pain.001.001.11" xmlns:xsi="http://www.w3.org/2001/XMLSchema-instance"
          xsi:schemaLocation="urn:iso:std:iso:20022:tech:xsd:pain.001.001.11 pain.001.001.11.xsd">
    <CstmrCdtTrfInitn>
        <GrpHdr>
            <MsgId>DEUTDEBBXXX0020240220042409</MsgId>
            <CreDtTm>2024-02-20T04:24:09.000Z</CreDtTm>
            <NbOfTxs>3</NbOfTxs>
            <CtrlSum>8000.2</CtrlSum>
            <InitgPty>
                <Nm>Joe Doe</Nm>
            </InitgPty>
        </GrpHdr>
        <PmtInf>
            <PmtInfId>PMT-ID0-20240220042409</PmtInfId>
            <PmtMtd>TRF</PmtMtd>
            <BtchBookg>true</BtchBookg>
            <NbOfTxs>3</NbOfTxs>
            <CtrlSum>8000.2</CtrlSum>
            <PmtTpInf>
                <SvcLvl>
                    <Cd>SEPA</Cd>
                </SvcLvl>
            </PmtTpInf>
            <ReqdExctnDt>2024-02-20</ReqdExctnDt>
            <Dbtr>
                <Nm>Joe Doe</Nm>
            </Dbtr>
            <DbtrAcct>
                <Id>
                    <IBAN>DE89370400440532013000</IBAN>
                </Id>
            </DbtrAcct>
            <DbtrAgt>
                <FinInstnId>
                    <BIC>DEUTDEBBXXX</BIC>
                </FinInstnId>
            </DbtrAgt>
            <ChrgBr>SLEV</ChrgBr>
            <CdtTrfTxInf>
                <PmtId>
                    <EndToEndId>NOTPROVIDED</EndToEndId>
                </PmtId>
                <Amt>
                    <InstdAmt Ccy="EUR">2000.2</InstdAmt>
                </Amt>
                <CdtrAgt>
                    <FinInstnId>
                        <BIC>VBRSDE33347</BIC>
                    </FinInstnId>
                </CdtrAgt>
                <Cdtr>
                    <Nm>Peter Parker</Nm>
                </Cdtr>
                <CdtrAcct>
                    <Id>
                        <IBAN>DE05500105173195282731</IBAN>
                    </Id>
                </CdtrAcct>
                <RmtInf>
                    <Ustrd>Salary PP 2018-07</Ustrd>
                </RmtInf>
            </CdtTrfTxInf>
            <CdtTrfTxInf>
                <PmtId>
                    <EndToEndId>NOTPROVIDED</EndToEndId>
                </PmtId>
                <Amt>
                    <InstdAmt Ccy="EUR">1000.0</InstdAmt>
                </Amt>
                <CdtrAgt>
                    <FinInstnId>
                        <BIC>UINVDEFFXXX</BIC>
                    </FinInstnId>
                </CdtrAgt>
                <Cdtr>
                    <Nm>Carl White</Nm>
                </Cdtr>
                <CdtrAcct>
                    <Id>
                        <IBAN>DK5250511963137134</IBAN>
                    </Id>
                </CdtrAcct>
                <RmtInf>
                    <Ustrd>Salary CW 2015-12</Ustrd>
                </RmtInf>
            </CdtTrfTxInf>
            <CdtTrfTxInf>
                <PmtId>
                    <EndToEndId>NOTPROVIDED</EndToEndId>
                </PmtId>
                <Amt>
                    <InstdAmt Ccy="EUR">5000.0</InstdAmt>
                </Amt>
                <CdtrAgt>
                    <FinInstnId>
                        <BIC>SWBSDESSXXX</BIC>
                    </FinInstnId>
                </CdtrAgt>
                <Cdtr>
                    <Nm>Frank Black</Nm>
                </Cdtr>
                <CdtrAcct>
                    <Id>
                        <IBAN>CZ7627005991764514418145</IBAN>
                    </Id>
                </CdtrAcct>
                <RmtInf>
                    <Ustrd>Salary FB 2017-05</Ustrd>
                </RmtInf>
            </CdtTrfTxInf>
        </PmtInf>
    </CstmrCdtTrfInitn>
</Document>